<record xmlns:xsi="http://www.w3.org/2001/XMLSchema-instance" xmlns="http://www.loc.gov/MARC21/slim" xsi:schemaLocation="http://www.loc.gov/MARC21/slim http://www.loc.gov/standards/marcxml/schema/MARC21slim.xsd">

  <leader>00396nam a2200121Ia 4500</leader>
  <datafield ind1=" " ind2=" " tag="999">
    <subfield code="c">1676</subfield>
    <subfield code="d">1676</subfield>
  </datafield>
  <controlfield tag="008">180403b2005    cr ||||| |||| 00| | spa d</controlfield>
  <datafield ind1=" " tag="090" ind2=" ">
    <subfield code="a">06.03.02 </subfield>
    <subfield code="b">2067</subfield>
  </datafield>
  <datafield tag="100" ind2=" " ind1="1">
    <subfield code="a">Bermúdez Vives, Sergio</subfield>
    <subfield code="9">3506</subfield>
  </datafield>
  <datafield ind2="0" tag="245" ind1="1">
    <subfield code="a">Memoria: Jornada de reflexión sobre la modalidad de formación dual  / </subfield>
    <subfield code="c">Sergio Bermúdez Vives</subfield>
  </datafield>
  <datafield ind1=" " ind2=" " tag="260">
    <subfield code="a">San José, Costa Rica : </subfield>
    <subfield code="b">INA, </subfield>
    <subfield code="c">2005</subfield>
  </datafield>
  <datafield ind1=" " ind2=" " tag="300">
    <subfield code="a">64 páginas</subfield>
  </datafield>
  <datafield tag="650" ind2="4" ind1="1">
    <subfield code="a">EDUCACIÓN ALTERNATIVA</subfield>
    <subfield code="9">3507</subfield>
  </datafield>
  <datafield ind2="4" tag="650" ind1="1">
    <subfield code="a"> ENSEÑANZA TÉCNICA</subfield>
    <subfield code="9">3503</subfield>
  </datafield>
  <datafield ind1=" " ind2=" " tag="942">
    <subfield code="2">z</subfield>
    <subfield code="c">01</subfield>
  </datafield>
</record>